@IEEEtranBSTCTL{IEEEexample:BSTcontrol,
  CTLuse_article_number = "no",
  CTLuse_forced_etal = "no",
  CTLmax_names_forced_etal = "100",
  CTLnames_show_etal = "0"
}

@inproceedings{ukhov2012,
  author = {Ivan Ukhov and Min Bao and Petru Eles and Zebo Peng},
  title = {Steady-state dynamic temperature analysis and reliability optimization for embedded multiprocessor systems},
  booktitle = {Design Automation Conference},
  pages = {197--204},
  month = {June},
  year = {2012},
  doi = {10.1145/2228360.2228399},
}

@inproceedings{ukhov2014a,
  author = {Ivan Ukhov and Mattias Villani and Petru Eles and Zebo Peng},
  title = {Statistical analysis of process variation based on indirect measurements for electronic system design},
  booktitle = {Asia and South Pacific Design Automation Conference},
  pages = {436--442},
  month = {January},
  year = {2014},
  doi = {10.1109/ASPDAC.2014.6742930},
}

@article{ukhov2014b,
  author = {Ivan Ukhov and Petru Eles and Zebo Peng},
  title = {Probabilistic analysis of power and temperature under process variation for electronic system design},
  journal = {IEEE Transactions on Computer-Aided Design of Integrated Circuits and Systems},
  volume = {33},
  number = {6},
  pages = {931--944},
  month = {June},
  year = {2014},
  doi = {10.1109/TCAD.2014.2301672},
}

@article{ukhov2015,
  author = {Ivan Ukhov and Petru Eles and Zebo Peng},
  title = {Temperature-centric reliability analysis and optimization of electronic systems under process variation},
  journal = {IEEE Transactions on Very Large Scale Integration Systems},
  volume = {23},
  number = {11},
  pages = {2417--2430},
  month = {November},
  year = {2015},
  doi = {10.1109/TVLSI.2014.2371249},
}

@article{ukhov2017a,
  author = {Ivan Ukhov and Petru Eles and Zebo Peng},
  title = {Probabilistic analysis of electronic systems via adaptive hierarchical interpolation},
  journal = {IEEE Transactions on Computer-Aided Design of Integrated Circuits and Systems},
  volume = {36},
  number = {11},
  pages = {1883--1896},
  month = {November},
  year = {2017},
  doi = {10.1109/TCAD.2017.2705117},
}

@techreport{ukhov2017b,
  author = {Ivan Ukhov and Diana Marculescu and Petru Eles and Zebo Peng},
  title = {Fine-grained long-range prediction of resource usage in computer clusters},
  institution = {Linköping University},
  month = {September},
  year = {2017},
  keywords = {own-unpublished},
}

@techreport{ukhov2017c,
  author = {Ivan Ukhov and Diana Marculescu and Petru Eles and Zebo Peng},
  title = {Fast synthesis of power and temperature profiles for the development of data-driven resource managers},
  institution = {Linköping University},
  month = {September},
  year = {2017},
  keywords = {own-unpublished},
}

@phdthesis{ukhov2017d,
  author = {Ivan Ukhov},
  title = {System-level analysis and design under uncertainty},
  school = {Linköping University},
  month = {December},
  year = {2017},
  doi = {10.3384/diss.diva-140758},
}
